@inproceedings{ReferencePaper, 
author={B. {He} and H. {Xu} and L. {Jin} and G. {Guo} and Y. {Chen} and G. {Weng}}, 
booktitle={IEEE INFOCOM 2018 - IEEE Conference on Computer Communications}, 
title={An Investigation into Android In-App Ad Practice: Implications for App Developers}, 
year={2018}, 
pages={2465-2473}, 
keywords={advertising data processing;application program interfaces;Internet;mobile computing;app category;ad library;app users;In-app advertising;app monetization;ad network selection;in-app ads;Floating mobile ads;Offerwall mobile ads;Notification mobile ads;Popup mobile ads;Embedded mobile ads;API granularity;UI interaction;mobile Internet ecosystem;Android In-App Ad Practice;app developers;Libraries;Androids;Humanoid robots;Advertising;Ecosystems;Conferences;Guidelines}, 
doi={10.1109/INFOCOM.2018.8486010},
}
@online{Gartner,
	ALTauthor = {author},
	ALTeditor = {editor},
	title = {Gartner Says Worldwide Sales of Smartphones Grew 9 Percent in First Quarter of 2017},
	date = {May 23, 2017},
	url = {https://www.gartner.com/en/newsroom/press-releases/2017-05-23-gartner-says-worldwide-sales-of-smartphones-grew-9-percent-in-first-quarter-of-2017},
}

@online{Visionmobile,
	author = {VisionMobile},
	title = {App Economy Forecasts 2014 - 2017 },
	date = {December 2014},
}
@inproceedings{Grace,
 author = {Grace, Michael C. and Zhou, Wu and Jiang, Xuxian and Sadeghi, Ahmad-Reza},
 title = {Unsafe Exposure Analysis of Mobile In-app Advertisements},
 booktitle = {Proceedings of the Fifth ACM Conference on Security and Privacy in Wireless and Mobile Networks},
 series = {WISEC '12},
 year = {2012},
 isbn = {978-1-4503-1265-3},
 location = {Tucson, Arizona, USA},
 pages = {101--112},
 numpages = {12},
 url = {http://doi.acm.org/10.1145/2185448.2185464},
 doi = {10.1145/2185448.2185464},
 acmid = {2185464},
 publisher = {ACM},
 address = {New York, NY, USA},
 keywords = {in-app advertisement, privacy, smartphone},
} 

@inproceedings{meng2016price,
  title={The Price of Free: Privacy Leakage in Personalized Mobile In-Apps Ads.},
  author={Meng, Wei and Ding, Ren and Chung, Simon P and Han, Steven and Lee, Wenke},
  booktitle={NDSS},
  year={2016},
}

@inproceedings{leontiadis2012don,
  title={Don't kill my ads!: balancing privacy in an ad-supported mobile application market},
  author={Leontiadis, Ilias and Efstratiou, Christos and Picone, Marco and Mascolo, Cecilia},
  booktitle={Proceedings of the Twelfth Workshop on Mobile Computing Systems \& Applications},
  pages={2},
  year={2012},
  organization={ACM}
}

@inproceedings{crussell2014madfraud,
  title={Madfraud: Investigating ad fraud in android applications},
  author={Crussell, Jonathan and Stevens, Ryan and Chen, Hao},
  booktitle={Proceedings of the 12th annual international conference on Mobile systems, applications, and services},
  pages={123--134},
  year={2014},
  organization={ACM}
}

@inproceedings{nath2015madscope,
  title={Madscope: Characterizing mobile in-app targeted ads},
  author={Nath, Suman},
  booktitle={Proceedings of the 13th Annual International Conference on Mobile Systems, Applications, and Services},
  pages={59--73},
  year={2015},
  organization={ACM}
}

@inproceedings{liu2015efficient,
  title={Efficient privilege de-escalation for ad libraries in mobile apps},
  author={Liu, Bin and Liu, Bin and Jin, Hongxia and Govindan, Ramesh},
  booktitle={Proceedings of the 13th annual international conference on mobile systems, applications, and services},
  pages={89--103},
  year={2015},
  organization={ACM}
}